<record><leader>00000cas a22000007a 4500</leader><controlfield tag="001">13137581</controlfield><controlfield tag="008">860211d19071922iduwr ne      0   a0eng d</controlfield><datafield ind1=" " ind2=" " tag="010"><subfield code="a">sn 86091099 </subfield></datafield><datafield ind1=" " ind2=" " tag="040"><subfield code="a">UNP</subfield><subfield code="b">eng</subfield><subfield code="c">UNP</subfield><subfield code="d">NVB</subfield><subfield code="d">OCLCQ</subfield><subfield code="d">OCLCF</subfield><subfield code="d">OCLCO</subfield><subfield code="d">DLC</subfield></datafield><datafield ind1="0" ind2=" " tag="022"><subfield code="a">2574-9110</subfield><subfield code="2">1</subfield></datafield><datafield ind1=" " ind2=" " tag="042"><subfield code="a">msc</subfield><subfield code="a">nsdp</subfield></datafield><datafield ind1=" " ind2=" " tag="043"><subfield code="a">n-us-id</subfield></datafield><datafield ind1="0" ind2="0" tag="050"><subfield code="a">Newspaper</subfield></datafield><datafield ind1=" " ind2="4" tag="050"><subfield code="a">AN2.I2</subfield><subfield code="b">G72</subfield></datafield><datafield ind1="1" ind2="0" tag="082"><subfield code="a">071</subfield><subfield code="2">23</subfield></datafield><datafield ind1=" " ind2="4" tag="222"><subfield code="a">The Grangeville globe</subfield><subfield code="b">(Print)</subfield></datafield><datafield ind1="0" ind2="4" tag="245"><subfield code="a">The Grangeville globe.</subfield></datafield><datafield ind1=" " ind2=" " tag="260"><subfield code="a">Grangeville, Idaho :</subfield><subfield code="b">Globe Print. Co.,</subfield><subfield code="c">1907-1922.</subfield></datafield><datafield ind1=" " ind2=" " tag="300"><subfield code="a">v. :</subfield><subfield code="b">ill.</subfield></datafield><datafield ind1=" " ind2=" " tag="310"><subfield code="a">Weekly</subfield></datafield><datafield ind1="0" ind2=" " tag="362"><subfield code="a">Vol. 1, no. 1 (Dec. 4, 1907)-v. 15, no. 23 (Apr. 27, 1922).</subfield></datafield><datafield ind1=" " ind2=" " tag="530"><subfield code="a">Archived issues are available in digital format from the Library of Congress Chronicling America online collection.</subfield></datafield><datafield ind1=" " ind2=" " tag="580"><subfield code="a">Absorbed: Grangeville standard-news, Apr. 1910.</subfield></datafield><datafield ind1=" " ind2="0" tag="651"><subfield code="a">Grangeville (Idaho)</subfield><subfield code="v">Newspapers.</subfield></datafield><datafield ind1=" " ind2="7" tag="651"><subfield code="a">Idaho</subfield><subfield code="z">Grangeville.</subfield><subfield code="2">fast</subfield><subfield code="0">(OCoLC)fst01226219</subfield></datafield><datafield ind1=" " ind2="7" tag="655"><subfield code="a">Newspapers.</subfield><subfield code="2">fast</subfield><subfield code="0">(OCoLC)fst01423814</subfield></datafield><datafield ind1=" " ind2=" " tag="752"><subfield code="a">United States</subfield><subfield code="b">Idaho</subfield><subfield code="c">Idaho</subfield><subfield code="d">Grangeville.</subfield></datafield><datafield ind1="0" ind2="8" tag="776"><subfield code="i">Online version:</subfield><subfield code="t">Grangeville globe</subfield><subfield code="x">2574-9129</subfield><subfield code="w">(DLC)  2017218788</subfield><subfield code="w">(OCoLC)1003532259</subfield></datafield><datafield ind1="1" ind2="5" tag="780"><subfield code="t">Standard-news</subfield><subfield code="w">(DLC)sn 89055167</subfield><subfield code="w">(OCoLC)19950003</subfield></datafield><datafield ind1="0" ind2="4" tag="785"><subfield code="t">Idaho County free press</subfield><subfield code="x">2574-9153</subfield><subfield code="w">(DLC)sn 86091100</subfield><subfield code="w">(OCoLC)13137622</subfield></datafield><datafield ind1="4" ind2="1" tag="856"><subfield code="u">http://chroniclingamerica.loc.gov/lccn/sn86091099/issues</subfield></datafield><datafield ind1="1" ind2=" " tag="029"><subfield code="a">AU@</subfield><subfield code="b">000025795106</subfield></datafield></record>